\begin{thebibliography}

@ARTICLE{IEEE802.11ac, 
journal={{IEEE} Std 802.11ac-2013 (Amendment to {IEEE} Std 802.11-2012, as amended by {IEEE} Std 802.11ae-2012, {IEEE} Std 802.11aa-2012, and {IEEE} Std 802.11ad-2012)}, 
title={{IEEE} {S}tandard for {I}nformation technology-- {T}elecommunications and information exchange between systemsLocal and metropolitan area networks-- {S}pecific requirements--{P}art 11: {W}ireless {LAN} {M}edium {A}ccess {C}ontrol ({MAC}) and {P}hysical {L}ayer ({PHY}) {S}pecifications--{A}mendment 4: {E}nhancements for {V}ery {H}igh {T}hroughput for {O}peration in {B}ands below 6 {GHz}.}, 
year={2013}, 
pages={1-425}, 
keywords={IEEE standards;access protocols;media streaming;metropolitan area networks;wireless LAN;BSS throughput;IEEE Std 802.11-2012;IEEE Std 802.11aa-2012;IEEE Std 802.11ac-2013;IEEE Std 802.11ad-2012;IEEE Std 802.11ae-2012;MAC specification;basic service set;data stream distribution;local area network;medium access control;metropolitan area network;multimedia stream distribution;physical layer specification;wireless LAN;Array signal processing;Bandwidth allocation;IEEE 802.11 standards;IEEE standards;Information exchange;Local area networks;MIMO;Metropolitan area networks;Throughput;256-QAM;IEEE 802.11ac(TM);beamforming;multi-user MIMO;noncontiguous frequency segments;very high throughput;wider bandwidth}, 
doi={10.1109/IEEESTD.2013.6687187}, 
month={Dec},
}

@book{3GLTE,
  title={3{G} {E}volution: {HSPA} and {LTE} for Mobile Broadband},
  author={Dahlman, Erik and Parkvall, Stefan and Skold, Johan and Beming, Per},
  year={2010},
  publisher={Academic press}
}
@article{rusek2013scaling,
  title={Scaling up {MIMO}: Opportunities and Challenges with Very Large Arrays},
  author={Rusek, Fredrik and Persson, Daniel and Lau, Buon Kiong and Larsson, Erik G and Marzetta, Thomas L and Edfors, Ove and Tufvesson, Fredrik},
  journal={Signal Processing Magazine, IEEE},
  volume={30},
  number={1},
  pages={40--60},
  year={2013},
  publisher={IEEE}
}
@article{larsson2014massive,
  title={Massive {MIMO} for Next Generation Wireless Systems},
  author={Larsson, Erik and Edfors, Ove and Tufvesson, Fredrik and Marzetta, Thomas},
  journal={Communications Magazine, IEEE},
  volume={52},
  number={2},
  pages={186--195},
  year={2014},
  publisher={IEEE}
}
@article{damen2003maximum,
  title={On Maximum-Likelihood Detection and the Search for the Closest Lattice Point},
  author={Damen, Mohamed Oussama and El Gamal, Hesham and Caire, Giuseppe},
  journal={Information Theory, IEEE Transactions on},
  volume={49},
  number={10},
  pages={2389--2402},
  year={2003},
  publisher={IEEE}
}
@article{barbero2008fixing,
  title={Fixing the Complexity of the Sphere Decoder for {MIMO} Detection},
  author={Barbero, Luis G and Thompson, John S},
  journal={Wireless Communications, IEEE Transactions on},
  volume={7},
  number={6},
  pages={2131--2142},
  year={2008},
  publisher={IEEE}
}

@inproceedings{wolniansky1998v,
  title={{V}-{BLAST}: An Architecture for Realizing Very High Data Rates Over the Rich-Scattering Wireless Channel},
  author={Wolniansky, Peter W and Foschini, Gerard J and Golden, GD and Valenzuela, R and others},
  booktitle={Signals, Systems, and Electronics, 1998. ISSSE 98. 1998 URSI International Symposium on},
  pages={295--300},
  year={1998},
  organization={IEEE}
}
@article{foschini1999simplified,
  title={Simplified Processing for High Spectral Efficiency Wireless Communication Employing Multi-Element Arrays},
  author={Foschini, Gerard J and Golden, Glen D and Valenzuela, Reinaldo and Wolniansky, Peter W and others},
  journal={Selected Areas in Communications, IEEE Journal on},
  volume={17},
  number={11},
  pages={1841--1852},
  year={1999},
  publisher={IEEE}
}

@article{benesty2003fast,
  title={A Fast Recursive Algorithm for Optimum Sequential Signal Detection in a BLAST System},
  author={Benesty, Jacob and Huang, Yiteng and Chen, Jingdong},
  journal={Signal Processing, IEEE Transactions on},
  volume={51},
  number={7},
  pages={1722--1730},
  year={2003},
  publisher={IEEE}
}
@article{hoydis2013massive,
  title={Massive {MIMO} in the {UL}/{DL} of Cellular Networks: How many antennas do we need?},
  author={Hoydis, Jakob and Ten Brink, Stephan and Debbah, M{\'e}rouane},
  journal={Selected Areas in Communications, IEEE Journal on},
  volume={31},
  number={2},
  pages={160--171},
  year={2013},
  publisher={IEEE}
}

@article{vardhan2008low,
  title={A Low-Complexity Detector for Large {MIMO} Systems and Multicarrier {CDMA} Systems},
  author={Vardhan, K Vishnu and Mohammed, Saif K and Chockalingam, Ananthanarayanan and Rajan, B Sundar},
  journal={Selected Areas in Communications, IEEE Journal on},
  volume={26},
  number={3},
  pages={473--485},
  year={2008},
  publisher={IEEE}
}

@article{li2010multiple,
  title={Multiple Output Selection-{LAS} Algorithm in Large {MIMO} Systems},
  author={Li, Peng and Murch, Ross D},
  journal={Communications Letters, IEEE},
  volume={14},
  number={5},
  pages={399--401},
  year={2010},
  publisher={IEEE}
}

@article{sunfamily,
  title={A Family of Likelihood Ascent Search Multiuser Detectors},
  author={Sun, Yi},
  journal={submitted to IEEE Trans. on Information Theory}
}
@article{srinidhi2011layered,
  title={Layered Tabu Search Algorithm for Large-{MIMO} Detection and a Lower Bound on {ML} Performance},
  author={Srinidhi, N and Datta, Tanumay and Chockalingam, Ananthanarayanan and Rajan, B Sundar},
  journal={Communications, IEEE Transactions on},
  volume={59},
  number={11},
  pages={2955--2963},
  year={2011},
  publisher={IEEE}
}
@article{goldberger2011mimo,
  title={{MIMO} Detection for High-Order {QAM} based on a {G}aussian Tree Approximation},
  author={Goldberger, Jacob and Leshem, Amir},
  journal={Information Theory, IEEE Transactions on},
  volume={57},
  number={8},
  pages={4973--4982},
  year={2011},
  publisher={IEEE}
}
@article{som2011low,
  title={Low-Complexity Detection in Large-Dimension {MIMO}-{ISI} Channels using Graphical Models},
  author={Som, Pritam and Datta, Tanumay and Srinidhi, N and Chockalingam, Ananthanarayanan and Rajan, B Sundar},
  journal={Selected Topics in Signal Processing, IEEE Journal of},
  volume={5},
  number={8},
  pages={1497--1511},
  year={2011},
  publisher={IEEE}
}
@article{narasimhan2014channel,
  title={Channel Hardening-Exploiting Message Passing ({CHEMP}) Receiver in Large-Scale {MIMO} Systems},
  author={Narasimhan, T Lakshmi and Chockalingam, Ananthanaryanan},
  journal={Selected Topics in Signal Processing, IEEE Journal of},
  volume={8},
  number={5},
  pages={847--860},
  year={2014},
  publisher={IEEE}
}
@inproceedings{som2010improved,
  title={Improved Large-{MIMO} Detection based on Damped Belief Propagation},
  author={Som, Pritam and Datta, Tanumay and Chockalingam, A and Rajan, B Sundar},
  booktitle={Information Theory Workshop (ITW), 2010 IEEE},
  pages={1--5},
  year={2010},
  organization={IEEE}
}
@article{datta2013novel,
  title={A Novel Monte-Carlo-Sampling-based Receiver for Large-Scale Uplink Multiuser {MIMO} Systems},
  author={Datta, Tanmoy and Kumar, N Ashok and Chockalingam, A and Rajan, B Sundar},
  journal={Vehicular Technology, IEEE Transactions on},
  volume={62},
  number={7},
  pages={3019--3038},
  year={2013},
  publisher={IEEE}
}
@article{zhou2013element,
  title={Element-Based Lattice Reduction Algorithms for Large {MIMO} Detection},
  author={Zhou, Qi and Ma, Xiaoli},
  journal={Selected Areas in Communications, IEEE Journal on},
  volume={31},
  number={2},
  pages={274--286},
  year={2013},
  publisher={IEEE}
}
@article{vapnik1963pattern,
  title={Pattern recognition using generalized portrait method},
  author={Vapnik, Vladimir},
  journal={Automation and remote control},
  volume={24},
  pages={774--780},
  year={1963}
}

@article{vapnik1964note,
  title={A note on one class of perceptrons},
  author={Vapnik, Vladimir and Chervonenkis, Alexey},
  journal={Automation and remote control},
  volume={25},
  number={1},
  year={1964}
}
@book{scholkopf2002learning,
  title={Learning with kernels: Support vector machines, regularization, optimization, and beyond},
  author={Sch{\"o}lkopf, Bernhard and Smola, Alexander J},
  year={2002},
  publisher={MIT press}
}

@inproceedings{boser1992training,
  title={A training algorithm for optimal margin classifiers},
  author={Boser, Bernhard E and Guyon, Isabelle M and Vapnik, Vladimir N},
  booktitle={Proceedings of the fifth annual workshop on Computational learning theory},
  pages={144--152},
  year={1992},
  organization={ACM}
}
@article{guyon1993automatic,
  title={Automatic capacity tuning of very large VC-dimension classifiers},
  author={Guyon, Isabelle and Boser, B and Vapnik, Vladimir},
  journal={Advances in neural information processing systems},
  pages={147--147},
  year={1993},
  publisher={Citeseer}
}
@book{vapnik2013nature,
  title={The nature of statistical learning theory},
  author={Vapnik, Vladimir},
  year={2013},
  publisher={Springer Science \& Business Media}
}
@article{cortes1995support,
  title={Support-vector networks},
  author={Cortes, Corinna and Vapnik, Vladimir},
  journal={Machine learning},
  volume={20},
  number={3},
  pages={273--297},
  year={1995},
  publisher={Springer}
}
@incollection{scholkopf1996incorporating,
  title={Incorporating invariances in support vector learning machines},
  author={Sch{\"o}lkopf, Bernhard and Burges, Chris and Vapnik, Vladimir},
  booktitle={Artificial Neural Networksâ€”ICANN 96},
  pages={47--52},
  year={1996},
  publisher={Springer}
}
@inproceedings{vapnik1996support,
  title={Support vector method for function approximation, regression estimation, and signal processing},
  author={Vapnik, Vladimir and Golowich, Steven E and Smola, Alex},
  booktitle={Advances in Neural Information Processing Systems 9},
  year={1996},
  organization={Citeseer}
}
@article{smola2004tutorial,
  title={A tutorial on support vector regression},
  author={Smola, Alex J and Sch{\"o}lkopf, Bernhard},
  journal={Statistics and computing},
  volume={14},
  number={3},
  pages={199--222},
  year={2004},
  publisher={Springer}
}
@article{platt1999fast,
  title={Fast training of support vector machines using sequential minimal optimization},
  author={Platt, John and others},
  journal={Advances in kernel methodsâ€”support vector learning},
  volume={3},
  year={1999},
  publisher={Cambridge, MA}
}
@inproceedings{osuna1997improved,
  title={An improved training algorithm for support vector machines},
  author={Osuna, Edgar and Freund, Robert and Girosi, Federico},
  booktitle={Neural Networks for Signal Processing [1997] VII. Proceedings of the 1997 IEEE Workshop},
  pages={276--285},
  year={1997},
  organization={IEEE}
}
@article{steinwart2011training,
  title={Training SVMs without offset},
  author={Steinwart, Ingo and Hush, Don and Scovel, Clint},
  journal={The Journal of Machine Learning Research},
  volume={12},
  pages={141--202},
  year={2011},
  publisher={JMLR. org}
}
@article{bouboulis2013complex,
  title={Complex support vector machines for regression and quaternary classification},
  author={Bouboulis, Pantelis and Theodoridis, Sergios and Mavroforakis, Charalampos and Evaggelatou-Dalla, Leoni},
  publisher={IEEE}
}
@book{cristianini2000introduction,
  title={An introduction to support vector machines and other kernel-based learning methods},
  author={Cristianini, Nello and Shawe-Taylor, John},
  year={2000},
  publisher={Cambridge university press}
}
@article{bouboulis2011extension,
  title={Extension of {W}irtinger's calculus to reproducing kernel {H}ilbert spaces and the complex kernel {LMS}},
  author={Bouboulis, Pantelis and Theodoridis, Sergios},
  journal={Signal Processing, IEEE Transactions on},
  volume={59},
  number={3},
  pages={964--978},
  year={2011},
  publisher={IEEE}
}
%@inproceedings{chen2015gpu,
 % title={GPU acceleration for fixed complexity sphere decoder in large MIMO uplink systems},
 % author={Chen, Tianpei and Leib, Harry},
 % booktitle={Electrical and Computer Engineering (CCECE), 2015 IEEE 28th Canadian Conference on},
 % pages={771--777},
 % year={2015},
 % organization={IEEE}
%}
\end{thebibliography}