\begin{thebibliography}
@article{radji2009interference,
  title={Interference cancellation based detection for V-BLAST with diversity maximizing channel partition},
  author={Radji, Djelili and Leib, Harry},
  journal={Selected Topics in Signal Processing, IEEE Journal of},
  volume={3},
  number={6},
  pages={1000--1015},
  year={2009},
  publisher={IEEE}
}
@article{zheng2003diversity,
  title={Diversity and multiplexing: a fundamental tradeoff in multiple-antenna channels},
  author={Zheng, Lizhong and Tse, David NC},
  journal={Information Theory, IEEE Transactions on},
  volume={49},
  number={5},
  pages={1073--1096},
  year={2003},
  publisher={IEEE}
}
@article{zhang2006diversity,
  title={On the diversity order of spatial multiplexing systems with transmit antenna selection: A geometrical approach},
  author={Zhang, Hongyuan and Dai, Huaiyu and Zhou, Quan and Hughes, Brian L},
  journal={Information Theory, IEEE Transactions on},
  volume={52},
  number={12},
  pages={5297--5311},
  year={2006},
  publisher={IEEE}
}
@book{oestges2010mimo,
  title={{MIMO} wireless communications: from real-world propagation to space-time code design},
  author={Oestges, Claude and Clerckx, Bruno},
  year={2010},
  publisher={Academic Press}
}
@book{dahlman20103g,
  title={3G evolution: HSPA and LTE for mobile broadband},
  author={Dahlman, Erik and Parkvall, Stefan and Skold, Johan and Beming, Per},
  year={2010},
  publisher={Academic press}
}
@article{rusek2013scaling,
  title={Scaling up {MIMO}: Opportunities and challenges with very large arrays},
  author={Rusek, Fredrik and Persson, Daniel and Lau, Buon Kiong and Larsson, Erik G and Marzetta, Thomas L and Edfors, Ove and Tufvesson, Fredrik},
  journal={Signal Processing Magazine, IEEE},
  volume={30},
  number={1},
  pages={40--60},
  year={2013},
  publisher={IEEE}
}
@article{larsson2013massive,
  title={Massive {MIMO} for next generation wireless systems},
  author={Larsson, Erik G and Edfors, Ove and Tufvesson, Fredrik and Marzetta, Thomas L},
  journal={arXiv preprint arXiv:1304.6690},
  year={2013}
}
@article{viterbo1999universal,
  title={A universal lattice code decoder for fading channels},
  author={Viterbo, Emanuele and Boutros, Joseph},
  journal={Information Theory, IEEE Transactions on},
  volume={45},
  number={5},
  pages={1639--1642},
  year={1999},
  publisher={IEEE}
}
@article{hassibi2005sphere,
  title={On the sphere-decoding algorithm {I}. Expected complexity},
  author={Hassibi, Babak and Vikalo, Haris},
  journal={Signal Processing, IEEE Transactions on},
  volume={53},
  number={8},
  pages={2806--2818},
  year={2005},
  publisher={IEEE}
}
@article{barbero2008fixing,
  title={Fixing the complexity of the sphere decoder for {MIMO} detection},
  author={Barbero, Luis G and Thompson, John S},
  journal={Wireless Communications, IEEE Transactions on},
  volume={7},
  number={6},
  pages={2131--2142},
  year={2008},
  publisher={IEEE}
}
@inproceedings{fung2008using,
  title={Using graphics devices in reverse: {GPU}-based image processing and computer vision},
  author={Fung, James and Mann, Steve},
  booktitle={Multimedia and Expo, 2008 IEEE International Conference on},
  pages={9--12},
  year={2008},
  organization={IEEE}
}
@article{blewitt2013applicability,
  title={Applicability of {GPGPU} Computing to Real-Time {AI} Solutions in Games},
  author={Blewitt, William and Ushaw, Gary and Morgan, Graham},
  journal={Computational Intelligence and AI in Games, IEEE Transactions on},
  volume={5},
  number={3},
  pages={265--275},
  year={2013},
  publisher={IEEE}
}
@article{van2011accelerating,
  title={Accelerating wavelet lifting on graphics hardware using {CUDA}},
  author={van der Laan, Wladimir J and Jalba, Andrei C and Roerdink, Jos BTM},
  journal={Parallel and Distributed Systems, IEEE Transactions on},
  volume={22},
  number={1},
  pages={132--146},
  year={2011},
  publisher={IEEE}
}
@ARTICLE{6671435, 
author={Xanthis, C.G. and Venetis, I.E. and Chalkias, A.V. and Aletras, A.H.}, 
journal={Medical Imaging, IEEE Transactions on}, 
title={{MRISIMUL}: A {GPU}-Based Parallel Approach to {MRI} Simulations}, 
year={2014}, 
month={March}, 
volume={33}, 
number={3}, 
pages={607-617}, 
keywords={biomedical MRI;brain;cardiology;graphics processing units;image sequences;mathematics computing;medical image processing;parallel architectures;phantoms;Bloch equations;CUDA-C;GPU-based parallel approach;MATLAB;MRI simulations;MRISIMUL;OpenMP parallel executed C-code;complex large-scale analysis;computational power;computationally demanding core services;computer configurations;densely spaced isochromats;densely spaced time axis;executable core;graphic processing unit;high computational power;human brain model;human heart model;image formation;large computer cluster;large-scale analysis;multithreading;parallel acceleration;pulse sequence;serially executed C-code;signal generation;single GPU personal computer;step-by-step comprehensive magnetic imaging physics simulator;supercomputer;user-defined phantom;Computational modeling;Computers;Magnetic resonance imaging;Magnetization;Mathematical model;Radio frequency;Vectors;Graphic processing unit (GPU);magnetic resonance imaging (MRI);parallel;simulator}, 
doi={10.1109/TMI.2013.2292119}, 
ISSN={0278-0062},
}
@inproceedings{grauer2013accelerating,
  title={Accelerating financial applications on the {GPU}},
  author={Grauer-Gray, Scott and Killian, William and Searles, Robert and Cavazos, John},
  booktitle={Proceedings of the 6th Workshop on General Purpose Processor Using Graphics Processing Units},
  pages={127--136},
  year={2013},
  organization={ACM}
}
@misc{nvidia2008programming,
  title={{CUDA C Programming Guide}},
  author={{NVIDIA Corporation}},
  year={2014},
  url={http://docs.nvidia.com/cuda/cuda-c-programming-guide/#axzz3RI9FkiM6}
}
@inproceedings{wolniansky1998v,
  title={V-{BLAST}: An architecture for realizing very high data rates over the rich-scattering wireless channel},
  author={Wolniansky, Peter W and Foschini, Gerard J and Golden, GD and Valenzuela, R},
  booktitle={Signals, Systems, and Electronics, 1998. ISSSE 98. 1998 URSI International Symposium on},
  pages={295--300},
  year={1998},
  organization={IEEE}
}
@book{golub2012matrix,
  title={Matrix computations},
  author={Golub, Gene H and Van Loan, Charles F},
  volume={3},
  year={2012},
  publisher={John Hopkins University Press}
}
@book{cook2013cuda,
  title={CUDA programming: a developer's guide to parallel computing with GPUs},
  author={Cook, Shane},
  year={2013},
  publisher={Newnes Press}
}
@misc{nvidia2013basic,
  title={Basic Linear Algebra Subroutines (cu{BLAS}) library},
  author={{NVIDIA Corporation}},
  year={2014},
  url={http://docs.nvidia.com/cuda/cublas/#axzz3RI9FkiM6}
}
@misc{top500,
author = {Top500.org},
title = {Top 500 supercomputer List},
month = nov,
year = {2012},
url = {http://www.top500.org/lists/2012/11/}
}

@inproceedings{hongyuan2010fixed,
  title={A Fixed-Complexity Sphere Decoder for {MIMO} Systems on Graphics Processing Units},
  author={Hongyuan, Wang and Muyi, Chen},
  booktitle={Information Engineering and Computer Science (ICIECS), 2010 2nd International Conference on},
  pages={1--4},
  year={2010},
  organization={IEEE}
}

@article{shoemaker2003fixing,
  title={Fixing the F test for equal variances},
  author={Shoemaker, Lewis H},
  journal={The American Statistician},
  volume={57},
  number={2},
  pages={105--114},
  year={2003},
  publisher={Taylor \& Francis}
  }
  
  @article{bartlett1946statistical,
  title={The statistical analysis of variance-heterogeneity and the logarithmic transformation},
  author={Bartlett, MAURICE S and Kendall, DG},
  journal={Supplement to the Journal of the Royal Statistical Society},
  pages={128--138},
  year={1946},
  publisher={JSTOR}
}

@book{papoulis2002probability,
  title={Probability, random variables, and stochastic processes},
  author={Papoulis, Athanasios and Pillai, S Unnikrishna},
  year={2002},
  publisher={Tata McGraw-Hill Education}
}
@book{bishop2006pattern,
  title={Pattern recognition and machine learning},
  author={Bishop, Christopher M and others},
  volume={4},
  number={4},
  year={2006},
  publisher={springer New York}
}
@article{srivastava1965complex,
  title={On the complex {Wishart} distribution},
  author={Srivastava, Muni S},
  journal={The Annals of Mathematical Statistics},
  pages={313--315},
  year={1965},
  publisher={JSTOR}
}
@book{gupta2004handbook,
  title={Handbook of beta distribution and its applications},
  author={Gupta, Arjun K and Nadarajah, Saralees},
  year={2004},
  publisher={CRC Press}
}
@book{jacod1987limit,
  title={Limit theorems for stochastic processes},
  author={Jacod, Jean and Shiryaev, Albert N},
  volume={1943877},
  year={1987},
  publisher={Springer Berlin}
}

@article{nagar2011expectations,
  title={Expectations of functions of complex {Wishart} matrix},
  author={Nagar, Daya K and Gupta, Arjun K},
  journal={Acta applicandae mathematicae},
  volume={113},
  number={3},
  pages={265--288},
  year={2011},
  publisher={Springer}
}

@article{bhargava1981distribution,
  title={The distribution of product of independent beta random variables with application to multivariate analysis},
  author={Bhargava, RP and Khatri, CG},
  journal={Annals of the Institute of Statistical Mathematics},
  volume={33},
  number={1},
  pages={287--296},
  year={1981},
  publisher={Springer}
}
@article{hochwald2004multiple,
  title={Multiple-antenna channel hardening and its implications for rate feedback and scheduling},
  author={Hochwald, Bertrand M and Marzetta, Thomas L and Tarokh, Vahid},
  journal={Information Theory, IEEE Transactions on},
  volume={50},
  number={9},
  pages={1893--1909},
  year={2004},
  publisher={IEEE}
}
@book{tse2005fundamentals,
  title={Fundamentals of wireless communication},
  author={Tse, David and Viswanath, Pramod},
  year={2005},
  publisher={Cambridge university press}
}
@article{marvcenko1967distribution,
  title={Distribution of eigenvalues for some sets of random matrices},
  author={Mar{\v{c}}enko, Vladimir A and Pastur, Leonid Andreevich},
  journal={Sbornik: Mathematics},
  volume={1},
  number={4},
  pages={457--483},
  year={1967},
  publisher={Turpion Ltd}
}
@article{tulino2004random,
  title={Random matrix theory and wireless communications},
  author={Tulino, Antonio M and Verd{\'u}, Sergio},
  journal={Communications and Information theory},
  volume={1},
  number={1},
  pages={1--182},
  year={2004},
  publisher={Now Publishers Inc.}
}

@inproceedings{wu2013approximate,
  title={Approximate matrix inversion for high-throughput data detection in the large-scale {MIMO} uplink},
  author={Wu, Michael and Yin, Bei and Vosoughi, Aida and Studer, Christoph and Cavallaro, Joseph R and Dick, Chris},
  booktitle={Circuits and Systems (ISCAS), 2013 IEEE International Symposium on},
  pages={2155--2158},
  year={2013},
  organization={IEEE}
}
@article{som2011low,
  title={Low-complexity detection in large-dimension {MIMO-ISI} channels using graphical models},
  author={Som, Pritam and Datta, Tanumay and Srinidhi, N and Chockalingam, Ananthanarayanan and Rajan, B Sundar},
  journal={Selected Topics in Signal Processing, IEEE Journal of},
  volume={5},
  number={8},
  pages={1497--1511},
  year={2011},
  publisher={IEEE}
}

@article{goldberger2011mimo,
  title={{MIMO} detection for high-order {QAM} based on a {Gaussian} tree approximation},
  author={Goldberger, Jacob and Leshem, Amir},
  journal={Information Theory, IEEE Transactions on},
  volume={57},
  number={8},
  pages={4973--4982},
  year={2011},
  publisher={IEEE}
}

@article{lakshmi2013channel,
  title={Channel hardening-exploiting message passing ({CHEMP}) receiver in large-scale {MIMO} systems},
  author={Lakshmi Narasimhan, T and Chockalingam, Ananthanaryanan},
  year={2013},
  publisher={IEEE}
}
@article{ma2008performance,
  title={Performance analysis for {MIMO} systems with lattice-reduction aided linear equalization},
  author={Ma, Xiaoli and Zhang, Wei},
  journal={Communications, IEEE Transactions on},
  volume={56},
  number={2},
  pages={309--318},
  year={2008},
  publisher={IEEE}
}

@article{fricke1900impact,
  title={Impact of the {Gaussian} approximation on the performance of the probabilistic data association {MIMO} decoder},
  author={Fricke, Justus Ch and Sandell, Magnus and Mietzner, Jan and Hoeher, Peter A},
  journal={EURASIP Journal on Wireless Communications and Networking},
  volume={2005},
  number={5},
  pages={796--800},
  year={1900},
  publisher={Hindawi Publishing Corporation}
}

@article{pham2004generalized,
  title={A generalized probabilistic data association detector for multiple antenna systems},
  author={Pham, David and Pattipati, Krishna R and Willett, Peter K and Luo, Jie},
  journal={IEEE Communications Letters},
  volume={8},
  number={4},
  pages={205--207},
  year={2004}
}
@article{farhang2006markov,
  title={Markov chain {Monte Carlo} algorithms for {CDMA} and {MIMO} communication systems},
  author={Farhang-Boroujeny, Behrouz and Zhu, Haidong and Shi, Zhenning},
  journal={Signal Processing, IEEE Transactions on},
  volume={54},
  number={5},
  pages={1896--1909},
  year={2006},
  publisher={IEEE}
}
@inproceedings{datta2012novel,
  title={A novel {MCMC} algorithm for near-optimal detection in large-scale uplink mulituser {MIMO} systems},
  author={Datta, Tanumay and Ashok Kumar, N and Chockalingam, Ananthanarayanan and Rajan, B Sundar},
  booktitle={Information Theory and Applications Workshop (ITA), 2012},
  pages={69--77},
  year={2012},
  organization={IEEE}
}
@article{goodman1963statistical,
  title={Statistical analysis based on a certain multivariate complex Gaussian distribution (an introduction)},
  author={Goodman, NR},
  journal={Annals of mathematical statistics},
  pages={152--177},
  year={1963},
  publisher={JSTOR}
}
\end{thebibliography}