@book{1,
  title={3G evolution: HSPA and LTE for mobile broadband},
  author={Dahlman, Erik and Parkvall, Stefan and Skold, Johan and Beming, Per},
  year={2010},
  publisher={Access Online via Elsevier}
}
@article{2,
  title={The 802.11 n MIMO-OFDM standard for wireless LAN and beyond},
  author={Van Nee, Richard and Jones, VK and Awater, Geert and Van Zelst, Allert and Gardner, James and Steele, Greg},
  journal={Wireless Personal Communications},
  volume={37},
  number={3-4},
  pages={445--453},
  year={2006},
  publisher={Springer}
}
@INPROCEEDINGS{3,
author={Sarris, I. and Inn-Inn Er and Peng-Yong Kong and Guguen, C.},
booktitle={Wireless Communication Systems, 2007. ISWCS 2007. 4th International Symposium on},
title={Audio-Visual Wireless Streaming Platform for the Residential Environment Employing Mesh and MIMO Extensions},
year={2007},
pages={70-74},
keywords={IP networks;MIMO communication;multimedia communication;quality of service;IEEE 802.16 standard;IP based transmission;MIMO extension;audio-visual streaming platform;mesh extension;mesh networking;multihopping transmission;multiple audio-visual streams;quality of service;residential environment;wireless audio-visual transmission;wireless streaming;Antenna arrays;Antennas and propagation;Communication system security;Design methodology;Home automation;MIMO;Quality of service;Robustness;Streaming media;Throughput},
doi={10.1109/ISWCS.2007.4392304},}
@book{4,
  title={MIMO wireless communications: from real-world propagation to space-time code design},
  author={Oestges, Claude and Clerckx, Bruno},
  year={2010},
  publisher={Access Online via Elsevier}
}
@article{5,
  title={MIMO detection methods: How they work [lecture notes]},
  author={Larsson, Erik G},
  journal={Signal Processing Magazine, IEEE},
  volume={26},
  number={3},
  pages={91--95},
  year={2009},
  publisher={IEEE}
}
@article{6,
  title={Massive MIMO for Next Generation Wireless Systems},
  author={Larsson, Erik G and Tufvesson, Fredrik and Edfors, Ove and Marzetta, Thomas L},
  journal={arXiv preprint arXiv:1304.6690},
  year={2013}
}
@article{7,
  title={Scaling up MIMO: Opportunities and challenges with very large arrays},
  author={Rusek, Fredrik and Persson, Daniel and Lau, Buon Kiong and Larsson, Erik G and Marzetta, Thomas L and Edfors, Ove and Tufvesson, Fredrik},
  journal={Signal Processing Magazine, IEEE},
  volume={30},
  number={1},
  pages={40--60},
  year={2013},
  publisher={IEEE}
}
@INPROCEEDINGS{8,
author={Xiang Gao and Tufvesson, F. and Edfors, O. and Rusek, F.},
booktitle={Signals, Systems and Computers (ASILOMAR), 2012 Conference Record of the Forty Sixth Asilomar Conference on},
title={Measured propagation characteristics for very-large MIMO at 2.6 GHz},
year={2012},
pages={295-299},
keywords={MIMO communication;UHF antennas;antenna arrays;channel capacity;multi-access systems;10 base station antennas;DPC;MIMO;antenna elements;base stations;base-line reference;cylindrical array;dirty-paper coding;frequency 2.6 GHz;identically distributed channel coefficients;linear array;multi-user scenarios;multiple single-antenna users;network capacities;propagation characteristics;very-large multiple-input multiple-output;zero-forcing sum-rates},
doi={10.1109/ACSSC.2012.6489010},
ISSN={1058-6393},}
@article{9,
  title={An overview of MIMO communications-a key to gigabit wireless},
  author={Paulraj, Arogyaswami J and Gore, Dhananjay A and Nabar, Rohit U and Bolcskei, Helmut},
  journal={Proceedings of the IEEE},
  volume={92},
  number={2},
  pages={198--218},
  year={2004},
  publisher={IEEE}
}
@misc{10,
  title={MIMO receive algorithms},
  author={Kailath, Thomas and Vikalo, Haris and Hassibi, Babak},
  year={2008}
}
@ARTICLE{11,
author={Matthaiou, Michail and Karagiannidis, George K. and Larsson, Erik G. and Marzetta, Thomas L. and Schober, Robert},
journal={Selected Areas in Communications, IEEE Journal on},
title={Guest Editorial: Large-Scale Multiple Antenna Wireless Systems},
year={2013},
volume={31},
number={2},
pages={113-116},
keywords={Large-scale systems;Multiple antennas;Special issues and sections},
doi={10.1109/JSAC.2013.130201},
ISSN={0733-8716},}
@ARTICLE{12,
author={Jiann-Ching Guey and Fitz, M.P. and Bell, M.R. and Wen-Yi Kuo},
journal={Communications, IEEE Transactions on},
title={Signal design for transmitter diversity wireless communication systems over Rayleigh fading channels},
year={1999},
volume={47},
number={4},
pages={527-537},
keywords={Rayleigh channels;diversity reception;land mobile radio;matrix algebra;modulation coding;radio receivers;radio transmitters;signal synthesis;PSAM;Rayleigh fading channels;code matrix;coded modulation;frequency offset system;mobile communications;multiple transmitters;pilot symbol assisted modulation;pilot symbol sequences;receiver complexity reduction;signal design;simulation results;superimposed fading process;system parameters;transmitter diversity;wireless communication systems;Decoding;Diversity methods;Fading;Interleaved codes;Modulation coding;Rayleigh channels;Signal design;Switches;Transmitters;Wireless communication},
doi={10.1109/26.764926},
ISSN={0090-6778},}
