\begin{thebibliography}
@book{huber2011robust,
  title={Robust statistics},
  author={Huber, Peter J},
  year={2011},
  publisher={Springer}
}
@article{kailath2005mimo,
  title={{MIMO} receive algorithms},
  author={Kailath, Thomas and Vikalo, Haris and Hassibi, Babak},
  journal={Space-Time Wireless Systems: From Array Processing to MIMO Communications},
  year={2005}
}
@book{vapnik1998statistical,
  title={Statistical learning theory},
  author={Vapnik, Vladimir Naumovich and Vapnik, Vlamimir},
  volume={1},
  year={1998},
  publisher={Wiley New York}
}
@book{paulraj2003introduction,
  title={Introduction to space-time wireless communications},
  author={Paulraj, Arogyaswami and Nabar, Rohit and Gore, Dhananjay},
  year={2003},
  publisher={Cambridge university press}
}



@article{hochwald2004multiple,
  title={Multiple-antenna channel hardening and its implications for rate feedback and scheduling},
  author={Hochwald, Bertrand M and Marzetta, Thomas L and Tarokh, Vahid},
  journal={Information Theory, IEEE Transactions on},
  volume={50},
  number={9},
  pages={1893--1909},
  year={2004},
  publisher={IEEE}
}
@inproceedings{wubben2003mmse,
  title={{MMSE} extension of {V-BLAST} based on sorted {QR} decomposition},
  author={W{\"u}bben, Dirk and B{\"o}hnke, Ronald and K{\"u}hn, Volker and Kammeyer, Karl-Dirk},
  booktitle={Vehicular technology conference, 2003. VTC 2003-Fall. 2003 IEEE 58th},
  volume={1},
  pages={508--512},
  year={2003},
  organization={IEEE}
}
@article{vardhan2008low,
  title={A {Low-Complexity} {Detector} for Large {MIMO} Systems and Multicarrier {CDMA} Systems},
  author={Vardhan, K Vishnu and Mohammed, Saif K and Chockalingam, Ananthanarayanan and Rajan, B Sundar},
  journal={Selected Areas in Communications, IEEE Journal on},
  volume={26},
  number={3},
  pages={473--485},
  year={2008},
  publisher={IEEE}
}

@article{li2010multiple,
  title={Multiple Output Selection-{LAS} Algorithm in Large {MIMO} Systems},
  author={Li, Peng and Murch, Ross D},
  journal={Communications Letters, IEEE},
  volume={14},
  number={5},
  pages={399--401},
  year={2010},
  publisher={IEEE}
}
@article{vapnik1999overview,
  title={An overview of statistical learning theory},
  author={Vapnik, Vladimir N},
  journal={Neural Networks, IEEE Transactions on},
  volume={10},
  number={5},
  pages={988--999},
  year={1999},
  publisher={IEEE}
}
@inproceedings{gore2002performance,
  title={On performance of the zero forcing receiver in presence of transmit correlation},
  author={Gore, D and Heath Jr, Robert W and Paulraj, A},
  booktitle={Information Theory, 2002. Proceedings. 2002 IEEE International Symposium on},
  pages={159},
  year={2002},
  organization={IEEE}
}
@inproceedings{juntti1997genetic,
  title={Genetic algorithms for multiuser detection in synchronous {CDMA}},
  author={Juntti, Markku J and Schl{\"o}sser, Thomas and Lilleberg, Jorma O},
  booktitle={Information Theory. 1997. Proceedings., 1997 IEEE International Symposium on},
  pages={492},
  year={1997},
  organization={IEEE}
}
@article{ergun2000multiuser,
  title={Multiuser detection using a genetic algorithm in {CDMA} communications systems},
  author={Erg{\"u}n, Cem and Hacioglu, Kadri},
  journal={Communications, IEEE Transactions on},
  volume={48},
  number={8},
  pages={1374--1383},
  year={2000},
  publisher={IEEE}
}
\end{thebibliography}