\begin{thebibliography}
@book{oestges2010mimo,
  title={MIMO wireless communications: From real-world propagation to space-time code design},
  author={Oestges, Claude and Clerckx, Bruno},
  year={2010},
  publisher={Academic Press}
}
@ARTICLE{IEEE802.11ac, 
journal={{IEEE} Std 802.11ac-2013 (Amendment to {IEEE} Std 802.11-2012, as amended by {IEEE} Std 802.11ae-2012, {IEEE} Std 802.11aa-2012, and {IEEE} Std 802.11ad-2012)}, 
title={{IEEE} {S}tandard for {I}nformation technology-- {T}elecommunications and information exchange between systemsLocal and metropolitan area networks-- {S}pecific requirements--{P}art 11: {W}ireless {LAN} {M}edium {A}ccess {C}ontrol ({MAC}) and {P}hysical {L}ayer ({PHY}) {S}pecifications--{A}mendment 4: {E}nhancements for {V}ery {H}igh {T}hroughput for {O}peration in {B}ands below 6 {GHz}.}, 
year={2013}, 
pages={1-425}, 
keywords={IEEE standards;access protocols;media streaming;metropolitan area networks;wireless LAN;BSS throughput;IEEE Std 802.11-2012;IEEE Std 802.11aa-2012;IEEE Std 802.11ac-2013;IEEE Std 802.11ad-2012;IEEE Std 802.11ae-2012;MAC specification;basic service set;data stream distribution;local area network;medium access control;metropolitan area network;multimedia stream distribution;physical layer specification;wireless LAN;Array signal processing;Bandwidth allocation;IEEE 802.11 standards;IEEE standards;Information exchange;Local area networks;MIMO;Metropolitan area networks;Throughput;256-QAM;IEEE 802.11ac(TM);beamforming;multi-user MIMO;noncontiguous frequency segments;very high throughput;wider bandwidth}, 
doi={10.1109/IEEESTD.2013.6687187}, 
month={Dec},
}

@book{3GLTE,
  title={3{G} {E}volution: {HSPA} and {LTE} for Mobile Broadband},
  author={Dahlman, Erik and Parkvall, Stefan and Skold, Johan and Beming, Per},
  year={2010},
  publisher={Academic press}
}
@article{rusek2013scaling,
  title={Scaling up {MIMO}: Opportunities and Challenges with Very Large Arrays},
  author={Rusek, Fredrik and Persson, Daniel and Lau, Buon Kiong and Larsson, Erik G and Marzetta, Thomas L and Edfors, Ove and Tufvesson, Fredrik},
  journal={Signal Processing Magazine, IEEE},
  volume={30},
  number={1},
  pages={40--60},
  year={2013},
  publisher={IEEE}
}
@article{larsson2014massive,
  title={Massive {MIMO} for Next Generation Wireless Systems},
  author={Larsson, Erik and Edfors, Ove and Tufvesson, Fredrik and Marzetta, Thomas},
  journal={Communications Magazine, IEEE},
  volume={52},
  number={2},
  pages={186--195},
  year={2014},
  publisher={IEEE}
}
@article{damen2003maximum,
  title={On Maximum-Likelihood Detection and the Search for the Closest Lattice Point},
  author={Damen, Mohamed Oussama and El Gamal, Hesham and Caire, Giuseppe},
  journal={Information Theory, IEEE Transactions on},
  volume={49},
  number={10},
  pages={2389--2402},
  year={2003},
  publisher={IEEE}
}
@article{barbero2008fixing,
  title={Fixing the Complexity of the Sphere Decoder for {MIMO} Detection},
  author={Barbero, Luis G and Thompson, John S},
  journal={Wireless Communications, IEEE Transactions on},
  volume={7},
  number={6},
  pages={2131--2142},
  year={2008},
  publisher={IEEE}
}

@inproceedings{wolniansky1998v,
  title={{V}-{BLAST}: An Architecture for Realizing Very High Data Rates Over the Rich-Scattering Wireless Channel},
  author={Wolniansky, Peter W and Foschini, Gerard J and Golden, GD and Valenzuela, R and others},
  booktitle={Signals, Systems, and Electronics, 1998. ISSSE 98. 1998 URSI International Symposium on},
  pages={295--300},
  year={1998},
  organization={IEEE}
}
@article{jalden2005complexity,
  title={On the complexity of sphere decoding in digital communications},
  author={Jald{\'e}n, Joakim and Otterste, Bj{\"o}rn},
  journal={Signal Processing, IEEE Transactions on},
  volume={53},
  number={4},
  pages={1474--1484},
  year={2005},
  publisher={IEEE}
}
@article{luo2008generalized,
  title={Generalized parallel interference cancellation with near-optimal detection performance},
  author={Luo, Zhendong and Zhao, Ming and Liu, Siyang and Liu, Yuanan},
  journal={Signal Processing, IEEE Transactions on},
  volume={56},
  number={1},
  pages={304--312},
  year={2008},
  publisher={IEEE}
}

@article{radji2009interference,
  title={Interference cancellation based detection for V-BLAST with diversity maximizing channel partition},
  author={Radji, Djelili and Leib, Harry},
  journal={Selected Topics in Signal Processing, IEEE Journal of},
  volume={3},
  number={6},
  pages={1000--1015},
  year={2009},
  publisher={IEEE}
}

@inproceedings{wolniansky1998v,
  title={V-BLAST: An architecture for realizing very high data rates over the rich-scattering wireless channel},
  author={Wolniansky, Peter W and Foschini, Gerard J and Golden, GD and Valenzuela, R and others},
  booktitle={Signals, Systems, and Electronics, 1998. ISSSE 98. 1998 URSI International Symposium on},
  pages={295--300},
  year={1998},
  organization={IEEE}
}

@article{datta2010random,
  title={Random-restart reactive tabu search algorithm for detection in large-MIMO systems},
  author={Datta, Tanumay and Srinidhi, N and Chockalingam, Ananthanarayanan and Rajan, B Sundar},
  journal={Communications Letters, IEEE},
  volume={14},
  number={12},
  pages={1107--1109},
  year={2010},
  publisher={IEEE}
}

@inproceedings{mohammed2009low,
  title={Low-complexity near-MAP decoding of large non-orthogonal STBCs using PDA},
  author={Mohammed, SaifK and Chockalingam, Ananthanarayanan and Rajan, B Sundar},
  booktitle={Information Theory, 2009. ISIT 2009. IEEE International Symposium on},
  pages={1998--2002},
  year={2009},
  organization={IEEE}
}
@article{foschini1999simplified,
  title={Simplified Processing for High Spectral Efficiency Wireless Communication Employing Multi-Element Arrays},
  author={Foschini, Gerard J and Golden, Glen D and Valenzuela, Reinaldo and Wolniansky, Peter W and others},
  journal={Selected Areas in Communications, IEEE Journal on},
  volume={17},
  number={11},
  pages={1841--1852},
  year={1999},
  publisher={IEEE}
}

@article{benesty2003fast,
  title={A Fast Recursive Algorithm for Optimum Sequential Signal Detection in a BLAST System},
  author={Benesty, Jacob and Huang, Yiteng and Chen, Jingdong},
  journal={Signal Processing, IEEE Transactions on},
  volume={51},
  number={7},
  pages={1722--1730},
  year={2003},
  publisher={IEEE}
}
@article{hoydis2013massive,
  title={Massive {MIMO} in the {UL}/{DL} of Cellular Networks: How many antennas do we need?},
  author={Hoydis, Jakob and Ten Brink, Stephan and Debbah, M{\'e}rouane},
  journal={Selected Areas in Communications, IEEE Journal on},
  volume={31},
  number={2},
  pages={160--171},
  year={2013},
  publisher={IEEE}
}

@article{vardhan2008low,
  title={A Low-Complexity Detector for Large {MIMO} Systems and Multicarrier {CDMA} Systems},
  author={Vardhan, K Vishnu and Mohammed, Saif K and Chockalingam, Ananthanarayanan and Rajan, B Sundar},
  journal={Selected Areas in Communications, IEEE Journal on},
  volume={26},
  number={3},
  pages={473--485},
  year={2008},
  publisher={IEEE}
}

@article{li2010multiple,
  title={Multiple Output Selection-{LAS} Algorithm in Large {MIMO} Systems},
  author={Li, Peng and Murch, Ross D},
  journal={Communications Letters, IEEE},
  volume={14},
  number={5},
  pages={399--401},
  year={2010},
  publisher={IEEE}
}

@article{sunfamily,
  title={A Family of Likelihood Ascent Search Multiuser Detectors},
  author={Sun, Yi},
  journal={submitted to IEEE Trans. on Information Theory}
}
@article{srinidhi2011layered,
  title={Layered Tabu Search Algorithm for Large-{MIMO} Detection and a Lower Bound on {ML} Performance},
  author={Srinidhi, N and Datta, Tanumay and Chockalingam, Ananthanarayanan and Rajan, B Sundar},
  journal={Communications, IEEE Transactions on},
  volume={59},
  number={11},
  pages={2955--2963},
  year={2011},
  publisher={IEEE}
}
@article{goldberger2011mimo,
  title={{MIMO} Detection for High-Order {QAM} based on a {G}aussian Tree Approximation},
  author={Goldberger, Jacob and Leshem, Amir},
  journal={Information Theory, IEEE Transactions on},
  volume={57},
  number={8},
  pages={4973--4982},
  year={2011},
  publisher={IEEE}
}
@article{som2011low,
  title={Low-Complexity Detection in Large-Dimension {MIMO}-{ISI} Channels using Graphical Models},
  author={Som, Pritam and Datta, Tanumay and Srinidhi, N and Chockalingam, Ananthanarayanan and Rajan, B Sundar},
  journal={Selected Topics in Signal Processing, IEEE Journal of},
  volume={5},
  number={8},
  pages={1497--1511},
  year={2011},
  publisher={IEEE}
}
@article{narasimhan2014channel,
  title={Channel Hardening-Exploiting Message Passing ({CHEMP}) Receiver in Large-Scale {MIMO} Systems},
  author={Narasimhan, T Lakshmi and Chockalingam, Ananthanaryanan},
  journal={Selected Topics in Signal Processing, IEEE Journal of},
  volume={8},
  number={5},
  pages={847--860},
  year={2014},
  publisher={IEEE}
}
@inproceedings{som2010improved,
  title={Improved Large-{MIMO} Detection based on Damped Belief Propagation},
  author={Som, Pritam and Datta, Tanumay and Chockalingam, A and Rajan, B Sundar},
  booktitle={Information Theory Workshop (ITW), 2010 IEEE},
  pages={1--5},
  year={2010},
  organization={IEEE}
}
@article{datta2013novel,
  title={A Novel Monte-Carlo-Sampling-based Receiver for Large-Scale Uplink Multiuser {MIMO} Systems},
  author={Datta, Tanmoy and Kumar, N Ashok and Chockalingam, A and Rajan, B Sundar},
  journal={Vehicular Technology, IEEE Transactions on},
  volume={62},
  number={7},
  pages={3019--3038},
  year={2013},
  publisher={IEEE}
}
@article{zhou2013element,
  title={Element-Based Lattice Reduction Algorithms for Large {MIMO} Detection},
  author={Zhou, Qi and Ma, Xiaoli},
  journal={Selected Areas in Communications, IEEE Journal on},
  volume={31},
  number={2},
  pages={274--286},
  year={2013},
  publisher={IEEE}
}
@article{vapnik1963pattern,
  title={Pattern recognition using generalized portrait method},
  author={Vapnik, Vladimir},
  journal={Automation and remote control},
  volume={24},
  pages={774--780},
  year={1963}
}

@article{vapnik1964note,
  title={A note on one class of perceptrons},
  author={Vapnik, Vladimir and Chervonenkis, Alexey},
  journal={Automation and remote control},
  volume={25},
  number={1},
  year={1964}
}
@book{scholkopf2002learning,
  title={Learning with kernels: Support vector machines, regularization, optimization, and beyond},
  author={Sch{\"o}lkopf, Bernhard and Smola, Alexander J},
  year={2002},
  publisher={MIT press}
}

@inproceedings{boser1992training,
  title={A training algorithm for optimal margin classifiers},
  author={Boser, Bernhard E and Guyon, Isabelle M and Vapnik, Vladimir N},
  booktitle={Proceedings of the fifth annual workshop on Computational learning theory},
  pages={144--152},
  year={1992},
  organization={ACM}
}
@article{guyon1993automatic,
  title={Automatic capacity tuning of very large VC-dimension classifiers},
  author={Guyon, Isabelle and Boser, B and Vapnik, Vladimir},
  journal={Advances in neural information processing systems},
  pages={147--147},
  year={1993},
  publisher={Citeseer}
}
@book{vapnik2013nature,
  title={The nature of statistical learning theory},
  author={Vapnik, Vladimir},
  year={2013},
  publisher={Springer Science \& Business Media}
}
@article{cortes1995support,
  title={Support-vector networks},
  author={Cortes, Corinna and Vapnik, Vladimir},
  journal={Machine learning},
  volume={20},
  number={3},
  pages={273--297},
  year={1995},
  publisher={Springer}
}
@incollection{scholkopf1996incorporating,
  title={Incorporating invariances in support vector learning machines},
  author={Sch{\"o}lkopf, Bernhard and Burges, Chris and Vapnik, Vladimir},
  booktitle={Artificial Neural Networks—ICANN 96},
  pages={47--52},
  year={1996},
  publisher={Springer}
}
@inproceedings{vapnik1996support,
  title={Support vector method for function approximation, regression estimation, and signal processing},
  author={Vapnik, Vladimir and Golowich, Steven E and Smola, Alex},
  booktitle={Advances in Neural Information Processing Systems 9},
  year={1996},
  organization={Citeseer}
}
@article{smola2004tutorial,
  title={A tutorial on support vector regression},
  author={Smola, Alex J and Sch{\"o}lkopf, Bernhard},
  journal={Statistics and computing},
  volume={14},
  number={3},
  pages={199--222},
  year={2004},
  publisher={Springer}
}
@article{platt1999fast,
  title={Fast training of support vector machines using sequential minimal optimization},
  author={Platt, John and others},
  journal={Advances in kernel methods—support vector learning},
  volume={3},
  year={1999},
  publisher={Cambridge, MA}
}
@inproceedings{osuna1997improved,
  title={An improved training algorithm for support vector machines},
  author={Osuna, Edgar and Freund, Robert and Girosi, Federico},
  booktitle={Neural Networks for Signal Processing [1997] VII. Proceedings of the 1997 IEEE Workshop},
  pages={276--285},
  year={1997},
  organization={IEEE}
}
@article{steinwart2011training,
  title={Training SVMs without offset},
  author={Steinwart, Ingo and Hush, Don and Scovel, Clint},
  journal={The Journal of Machine Learning Research},
  volume={12},
  pages={141--202},
  year={2011},
  publisher={JMLR. org}
}
@article{bouboulis2013complex,
  title={Complex support vector machines for regression and quaternary classification},
  author={Bouboulis, Pantelis and Theodoridis, Sergios and Mavroforakis, Charalampos and Evaggelatou-Dalla, Leoni},
  publisher={IEEE}
}
@book{cristianini2000introduction,
  title={An introduction to support vector machines and other kernel-based learning methods},
  author={Cristianini, Nello and Shawe-Taylor, John},
  year={2000},
  publisher={Cambridge university press}
}
@article{bouboulis2011extension,
  title={Extension of {W}irtinger's calculus to reproducing kernel {H}ilbert spaces and the complex kernel {LMS}},
  author={Bouboulis, Pantelis and Theodoridis, Sergios},
  journal={Signal Processing, IEEE Transactions on},
  volume={59},
  number={3},
  pages={964--978},
  year={2011},
  publisher={IEEE}
}
%@inproceedings{chen2015gpu,
 % title={GPU acceleration for fixed complexity sphere decoder in large MIMO uplink systems},
 % author={Chen, Tianpei and Leib, Harry},
 % booktitle={Electrical and Computer Engineering (CCECE), 2015 IEEE 28th Canadian Conference on},
 % pages={771--777},
 % year={2015},
 % organization={IEEE}
%}

@inproceedings{cerato2009hardware,
  title={Hardware implementation of a low-complexity detector for large MIMO},
  author={Cerato, Barbara and Viterbo, Emanuele},
  booktitle={Circuits and Systems, 2009. ISCAS 2009. IEEE International Symposium on},
  pages={593--596},
  year={2009},
  organization={IEEE}
}

@inproceedings{chockalingam2010low,
  title={Low-complexity algorithms for large-MIMO detection},
  author={Chockalingam, A},
  booktitle={Communications, Control and Signal Processing (ISCCSP), 2010 4th International Symposium on},
  pages={1--6},
  year={2010},
  organization={IEEE}
}

@article{blum2003metaheuristics,
  title={Metaheuristics in combinatorial optimization: Overview and conceptual comparison},
  author={Blum, Christian and Roli, Andrea},
  journal={ACM Computing Surveys (CSUR)},
  volume={35},
  number={3},
  pages={268--308},
  year={2003},
  publisher={ACM}
}

@book{Goldberg:1989:GAS:534133,
 author = {Goldberg, David E.},
 title = {Genetic Algorithms in Search, Optimization and Machine Learning},
 year = {1989},
 isbn = {0201157675},
 edition = {1st},
 publisher = {Addison-Wesley Longman Publishing Co., Inc.},
 address = {Boston, MA, USA},
} 


@article{loyka2004performance,
  title={Performance analysis of the V-BLAST algorithm: an analytical approach},
  author={Loyka, Sergey and Gagnon, Francois},
  journal={Wireless Communications, IEEE Transactions on},
  volume={3},
  number={4},
  pages={1326--1337},
  year={2004},
  publisher={IEEE}
}
@article{prasad2004analysis,
  title={Analysis of decision feedback detection for MIMO Rayleigh-fading channels and the optimization of power and rate allocations},
  author={Prasad, Narayan and Varanasi, Mahesh K},
  journal={Information Theory, IEEE Transactions on},
  volume={50},
  number={6},
  pages={1009--1025},
  year={2004},
  publisher={IEEE}
}
@inproceedings{jiang2005asymptotic,
  title={Asymptotic performance analysis of V-BLAST},
  author={Jiang, Yi and Zheng, Xiayu and Li, Jian},
  booktitle={Global Telecommunications Conference, 2005. GLOBECOM'05. IEEE},
  volume={6},
  pages={5--pp},
  year={2005},
  organization={IEEE}
}
@book{vapnik1982estimation,
  title={Estimation of dependences based on empirical data},
  author={Vapnik, Vladimir Naumovich and Kotz, Samuel},
  volume={40},
  year={1982},
  publisher={Springer-verlag New York}
}

@inproceedings{osuna1997improved,
  title={An improved training algorithm for support vector machines},
  author={Osuna, Edgar and Freund, Robert and Girosi, Federico},
  booktitle={Neural Networks for Signal Processing [1997] VII. Proceedings of the 1997 IEEE Workshop},
  pages={276--285},
  year={1997},
  organization={IEEE}
}
@inproceedings{osuna1997training,
  title={Training support vector machines: an application to face detection},
  author={Osuna, Edgar and Freund, Robert and Girosi, Federico},
  booktitle={Computer Vision and Pattern Recognition, 1997. Proceedings., 1997 IEEE Computer Society Conference on},
  pages={130--136},
  year={1997},
  organization={IEEE}
}

@ARTICLE{fiftyYang2015, 
author={Yang, S. and Hanzo, L.}, 
journal={Communications Surveys Tutorials, IEEE}, 
title={Fifty Years of MIMO Detection: The Road to Large-Scale MIMOs}, 
year={2015}, 
volume={PP}, 
number={99}, 
pages={1-1}, 
keywords={Detectors;Frequency division multiplexing;Frequency-domain analysis;Interference;MIMO;Multiaccess communication;Tutorials;Co-channel interference (CCI);MIMO detection;equalization;large-scale/massive MIMO;multiuser detection}, 
doi={10.1109/COMST.2015.2475242}, 
ISSN={1553-877X}, 
month={},}

@article{cortes1995support,
  title={Support-vector networks},
  author={Cortes, Corinna and Vapnik, Vladimir},
  journal={Machine learning},
  volume={20},
  number={3},
  pages={273--297},
  year={1995},
  publisher={Springer}
}
@article{smola1998connection,
  title={The connection between regularization operators and support vector kernels},
  author={Smola, Alex J and Sch{\"o}lkopf, Bernhard and M{\"u}ller, Klaus-Robert},
  journal={Neural networks},
  volume={11},
  number={4},
  pages={637--649},
  year={1998},
  publisher={Elsevier}
}
@incollection{muller1997predicting,
  title={Predicting time series with support vector machines},
  author={M{\"u}ller, K-R and Smola, Alex J and R{\"a}tsch, Gunnar and Sch{\"o}lkopf, Bernhard and Kohlmorgen, Jens and Vapnik, Vladimir},
  booktitle={Artificial Neural Networks—ICANN'97},
  pages={999--1004},
  year={1997},
  publisher={Springer}
}
@inproceedings{juntti1997genetic,
  title={Genetic algorithms for multiuser detection in synchronous CDMA},
  author={Juntti, Markku J and Schl{\"o}sser, Thomas and Lilleberg, Jorma O},
  booktitle={Information Theory. 1997. Proceedings., 1997 IEEE International Symposium on},
  pages={492},
  year={1997},
  organization={IEEE}
}
@article{ergun2000multiuser,
  title={Multiuser detection using a genetic algorithm in CDMA communications systems},
  author={Erg{\"u}n, Cem and Hacioglu, Kadri},
  journal={Communications, IEEE Transactions on},
  volume={48},
  number={8},
  pages={1374--1383},
  year={2000},
  publisher={IEEE}
}
\end{thebibliography}
  
  
  
  
