@ARTICLE{1, 
author={Hongyuan Zhang and Huaiyu Dai and Quan Zhou and Hughes, B.L.}, 
journal={Information Theory, IEEE Transactions on}, 
title={On the Diversity Order of Spatial Multiplexing Systems With Transmit Antenna Selection: A Geometrical Approach}, 
year={2006}, 
month={Dec}, 
volume={52}, 
number={12}, 
pages={5297-5311}, 
keywords={MIMO communication;antenna arrays;diversity reception;encoding;multiplexing;radio receivers;transmitting antennas;MIMO wireless communication system;decision-feedback receivers;diversity order;encoded spatial multiplexing system;geometrical approach;linear receivers;multiple-input-multiple-output;transmit antenna selection;Antenna theory;Decoding;MIMO;Optimization methods;Receiving antennas;Signal to noise ratio;Transmitters;Transmitting antennas;Upper bound;Wireless communication;Antenna selection;diversity and multiplexing tradeoff;diversity order;multiple-inputâ€“multiple-output (MIMO);spatial multiplexing}, 
doi={10.1109/TIT.2006.885531}, 
ISSN={0018-9448},}
@ARTICLE{2, 
author={Radji, D. and Leib, H.}, 
journal={Selected Topics in Signal Processing, IEEE Journal of}, 
title={Interference Cancellation Based Detection for V-BLAST With Diversity Maximizing Channel Partition}, 
year={2009}, 
month={Dec}, 
volume={3}, 
number={6}, 
pages={1000-1015}, 
keywords={MIMO communication;diversity reception;interference suppression;least mean squares methods;signal detection;space division multiplexing;GPIC like techniques;MIMO systems;Sel-MMSE-OSIC;V-BLAST;computer simulations;diversity analysis;diversity maximizing channel partition;generalized parallel interference cancellation;spatial multiplexing;suboptimal lower complexity detection;Algorithm design and analysis;Bandwidth;Computer simulation;Decoding;Diversity methods;Interference cancellation;MIMO;Performance analysis;Performance gain;Sufficient conditions;Interference cancellation detection;minimum mean-squared error (MMSE) detection;multiple-input multiple-output (MIMO) detection;selection diversity}, 
doi={10.1109/JSTSP.2009.2035860}, 
ISSN={1932-4553},}
@INPROCEEDINGS{3, 
author={Heath, R.W. and Paulraj, A.}, 
booktitle={Communications, 2001. ICC 2001. IEEE International Conference on}, 
title={Antenna selection for spatial multiplexing systems based on minimum error rate}, 
year={2001}, 
month={}, 
volume={7}, 
pages={2276-2280 vol.7}, 
keywords={cellular radio;diversity reception;maximum likelihood detection;multiplexing;radio receivers;receiving antennas;transmitting antennas;ML receiver;SNR;antenna selection;cellular radio systems;coherent receivers;diversity reception;fading channels;handoff;linear receiver;link initialization;link maintenance;maximum likelihood receiver;minimum Euclidean distance;minimum error rate;multiple transmit/receive antennas;optimal antenna subset;output constellation;signal to noise ratio;slowly varying channel;spatial multiplexing systems;Base stations;Error analysis;Euclidean distance;Fading;Maximum likelihood decoding;Mobile antennas;Receiving antennas;Signal to noise ratio;Transmitters;Transmitting antennas}, 
doi={10.1109/ICC.2001.937061},}
@book{5,
  title={Multiuser detection},
  author={Verdu, Sergio},
  year={1998},
  publisher={Cambridge university press}
}
@book{6,
  title={Introduction to space-time wireless communications},
  author={Paulraj, Arogyaswami and Nabar, Rohit and Gore, Dhananjay},
  year={2003},
  publisher={Cambridge university press}
}
@article{7,
  title={Matrix theory, vol. I},
  author={Gantmacher, Felix R},
  journal={IIChelsea, New York},
  year={1959}
}
@article{8,
  title={A fast recursive algorithm for optimum sequential signal detection in a BLAST system},
  author={Benesty, Jacob and Huang, Yiteng and Chen, Jingdong},
  journal={Signal Processing, IEEE Transactions on},
  volume={51},
  number={7},
  pages={1722--1730},
  year={2003},
  publisher={IEEE}
}
@article{9,
  title={Performance analysis of maximum likelihood detection in a MIMO antenna system},
  author={Zhu, Xu and Murch, Ross D},
  journal={Communications, IEEE Transactions on},
  volume={50},
  number={2},
  pages={187--191},
  year={2002},
  publisher={IEEE}
}
@article{9,
  title={On the maximal diversity order of spatial multiplexing with transmit antenna selection},
  author={Jald{\'e}n, Joakim and Ottersten, Bj{\"o}rn},
  journal={Information Theory, IEEE Transactions on},
  volume={53},
  number={11},
  pages={4273--4276},
  year={2007},
  publisher={IEEE}
}
